<?xml version="1.0" encoding="UTF-8"?><collection xmlns="http://www.loc.gov/MARC21/slim"><record><leader>00409nam--2200145-i-4500</leader><controlfield tag="001">000030566</controlfield><controlfield tag="002">20161230</controlfield><controlfield tag="005">20161230201038</controlfield><controlfield tag="008">060222s1000------------r-----000-0-eng-d</controlfield><datafield ind1=" " ind2=" " tag="080"><subfield code="a">389</subfield></datafield><datafield ind1=" " ind2=" " tag="100"><subfield code="a">Millea, Aurel</subfield></datafield><datafield ind1=" " ind2=" " tag="245"><subfield code="a">Cartea metrologuluil. metrologie generala</subfield></datafield><datafield ind1=" " ind2=" " tag="260"><subfield code="a">Bucuresti, Ed.Tehnica, 1985. 280p</subfield></datafield><datafield ind1=" " ind2=" " tag="490"><subfield code="a">Seria Practica:Automatica, Informatica, Electronica, Management</subfield></datafield><datafield ind1=" " ind2=" " tag="852"><subfield code="a">72901</subfield></datafield></record></collection>